<marcxml:record xmlns:xlink="http://www.w3.org/1999/xlink" xmlns:marcxml="http://www.loc.gov/MARC21/slim" xmlns:mets="http://www.loc.gov/METS/" xmlns:mxe="http://www.loc.gov/mxe" xmlns:rdf="http://www.w3.org/1999/02/22-rdf-syntax-ns#" xmlns:rdfs="http://www.w3.org/2000/01/rdf-schema#" xmlns:skos="http://www.w3.org/2004/02/skos/core#" xmlns:madsrdf="http://www.loc.gov/mads/rdf/v1#" xmlns:ri="http://id.loc.gov/ontologies/RecordInfo#" xmlns:sem="http://marklogic.com/semantics">
  <marcxml:leader>00989nz  a2200241n  4500</marcxml:leader>
  <marcxml:controlfield tag="001">n82222173</marcxml:controlfield>
  <marcxml:controlfield tag="003">DLC</marcxml:controlfield>
  <marcxml:controlfield tag="005">19840322000000.0</marcxml:controlfield>
  <marcxml:controlfield tag="008">830722n| acannaab|          |a ana |||  </marcxml:controlfield>
  <marcxml:datafield tag="010" ind1=" " ind2=" ">
    <marcxml:subfield code="a">n  82222173 </marcxml:subfield>
  </marcxml:datafield>
  <marcxml:datafield tag="040" ind1=" " ind2=" ">
    <marcxml:subfield code="a">DLC</marcxml:subfield>
    <marcxml:subfield code="c">DLC</marcxml:subfield>
  </marcxml:datafield>
  <marcxml:datafield tag="110" ind1="2" ind2="0">
    <marcxml:subfield code="a">Jāmiʻ Ibn Ṭūlūn (Cairo, Egypt)</marcxml:subfield>
  </marcxml:datafield>
  <marcxml:datafield tag="410" ind1="1" ind2="0">
    <marcxml:subfield code="a">Cairo (Egypt).</marcxml:subfield>
    <marcxml:subfield code="b">Jāmiʻ Ibn Ṭūlūn</marcxml:subfield>
  </marcxml:datafield>
  <marcxml:datafield tag="410" ind1="2" ind2="0">
    <marcxml:subfield code="a">Mosque of Ibn Tulun (Cairo, Egypt)</marcxml:subfield>
  </marcxml:datafield>
  <marcxml:datafield tag="410" ind1="2" ind2="0">
    <marcxml:subfield code="a">Ibn Tulun Mosque (Cairo, Egypt)</marcxml:subfield>
  </marcxml:datafield>
  <marcxml:datafield tag="410" ind1="2" ind2="0">
    <marcxml:subfield code="a">Mosquée d'Ahmad ibn Touloun (Cairo, Egypt)</marcxml:subfield>
  </marcxml:datafield>
  <marcxml:datafield tag="410" ind1="2" ind2="0">
    <marcxml:subfield code="a">Ǧamiʻa Ibn Ṭulûn (Cairo, Egypt)</marcxml:subfield>
  </marcxml:datafield>
  <marcxml:datafield tag="410" ind1="1" ind2="0">
    <marcxml:subfield code="w">nnaa</marcxml:subfield>
    <marcxml:subfield code="a">Cairo.</marcxml:subfield>
    <marcxml:subfield code="b">Jāmiʻ Ibn Ṭūlūn</marcxml:subfield>
  </marcxml:datafield>
  <marcxml:datafield tag="410" ind1="2" ind2="0">
    <marcxml:subfield code="a">Masjid Aḥmad ibn Ṭūlūn (Cairo, Egypt)</marcxml:subfield>
  </marcxml:datafield>
  <marcxml:datafield tag="410" ind1="2" ind2="0">
    <marcxml:subfield code="a">Jāmiʻ al-Ṭūlūnī (Cairo, Egypt)</marcxml:subfield>
  </marcxml:datafield>
  <marcxml:datafield tag="410" ind1="2" ind2="0">
    <marcxml:subfield code="a">Mosquée d'Ibn Touloun (Cairo, Egypt)</marcxml:subfield>
  </marcxml:datafield>
  <marcxml:datafield tag="670" ind1=" " ind2=" ">
    <marcxml:subfield code="a">Pauty, E. La mosquée d'Ibn Tôulôun ... 194-?</marcxml:subfield>
  </marcxml:datafield>
  <marcxml:datafield tag="670" ind1=" " ind2=" ">
    <marcxml:subfield code="a">Miṣrī, K. Dirāsah taḥlīlīyah lil-ifrīz ... 1976:</marcxml:subfield>
    <marcxml:subfield code="b">t.p. (al-Jāmiʻ al-Ṭūlūnī) p. 1, etc. (Masjid Aḥmad ibn Ṭūlūn)</marcxml:subfield>
  </marcxml:datafield>
</marcxml:record>
